@inproceedings{dormans2010adventures,
  title={Adventures in level design: generating missions and spaces for action adventure games.},
  author={Dormans, Joris},
  booktitle={ Proceedings of the 2010 Workshop on Procedural Content Generation in Games},
  year={2010},
  organization={ACM}
}

@inproceedings{browne2010evolutionary,
  title={Evolutionary Game Design},
  author={Cameron Browne and Frederic Maire},
  booktitle={IEEE Transactions on Computational Intelligence and AI in Games},
  year={2010},
  organization={IEEE}
}

@inproceedings{dormans2011generating,
  title={Generating missions and spaces for adaptable play experiences.},
  author={Dormans, Joris and Bakkes, Sander},
  booktitle={IEEE Transactions on Computational Intelligence and AI in Games},
  pages={216-228},
  year={2011},
  organization={IEEE}
}

@inproceedings{prus2015beauty,
  author={Przemyslaw Prusinkiewicz and Aristid Lindenmayer},
  booktitle={The algorithmic beauty of plants},
  publisher={Springer},
  year={1990}
}

@inproceedings{mark2015procedural,
  title={Procedural Generation of 3D Caves for Games on the GPU.},
  author={Benjamin Mark, Tudor Berechet, Tobias Mahlmann, and Julian Togelius},
  booktitle={Proceedings of the Conference on the Foundations of Digital Games (FDG)},
  year={2015}
}

@inproceedings{birdslgc,
    title={AIBIRDS Level Generation Competition Official Site},
    date={[online]},
    publisher={Available: https://aibirds.org/other-events/level-generation-competition.html}
}

@inproceedings{angrybirds,
    title={Angry Birds official site},
    date={[online]},
    publisher={Available: https://www.angrybirds.com/}
}

@inproceedings{togelius2010level,
    title={The 2010 Mario AI Championship: Level Generation Track},
    author={Noor Shaker, Julian Togelius, Georgios N. Yannakakis, Ben Weber, Tomoyuki Shimizu, Tomonori Hashiyama, Nathan Sorenson, Philippe Pasquier, Peter Mawhorter, Glen Takahashi, Gillian Smith and Robin Baumgarten},
    year={2010}
}

@inproceedings{jiang2017funny,
  title={Description for the Funny Quotes ft. Dominoes Generator},
  author={Yuxuan Jiang, Ryota Ishii, Tomohiro Harada, Ruck Thawonmas},
  year={2017},
  organization={Ritsumeikan University}
}

@inproceedings{jiang2017mcts,
  title={Description for the MCTS ft. Blocks Generator},
  author={Yuxuan Jiang, Tomohiro Harada, Ruck Thawonmas},
  year={2017},
  organization={Ritsumeikan University}
}

@inproceedings{graves2016procedural,
  title={Procedural Content Generation of Angry Birds Levels Using Monte Carlo Tree Search},
  author={M. Graves},
  year={2016},
  organization={University of Texas}
}

@inproceedings{renz2017generating,
  title={Generating Varied, Stable and Solvable Levels for
Angry Birds Style Physics Games},
  author={Matthew Stephenson and Jochen Renz},
  year={2017},
  organization={Australian National University}
}

@inproceedings{renz2016procedural,
  title={Procedural Generation of Complex Stable Structures for Angry Birds Levels},
  author={Matthew Stephenson and Jochen Renz},
  year={2016},
  organization={Australian National University}
}


@inproceedings{aibirds2018results,
    title={Results of 2018 Angry Birds AI Competition},
    date={[online]},
    publisher={Available: https://aibirds.org/angry-birds-ai-competition/previous-results.html}
}

@inproceedings{IEC,
    title={Interactive Evolutionary Computation: Fusion of the Capabilities of EC Optimization and Human Evaluation},
    author={Hideyuki Takagi},
    date={[online]}
}

@inproceedings{scienceBirds,
    title={Science-Birds},
    author={Lucas N. Ferreira},
    year={2016},
    publisher={Available: https://github.com/lucasnfe/Science-Birds}
}

@inproceedings{kenney,
    title={Kenney},
    publisher={Available: https://kenney.nl/assets/physics-assets}
}
